@article{olmsted1998synthesis,
  title={PubChem Compound Summary for CID 338, Salicylic acid},
  author={PubChem},
  journal={https://pubchem.ncbi.nlm.nih.gov/compound/Salicylic-acid.},
  year={2022},
  publisher={National Center for Biotechnology Information}
}



@article{raubenheimer1913chemistry,
  title={PubChem Compound Summary for CID 2244, Aspirin},
  author={PubChem},
  journal={https://pubchem.ncbi.nlm.nih.gov/compound/Aspirin.},
  year={2022},
  publisher={National Center for Biotechnology Information}
}
